@article{Boissonnat:1984:GST:357346.357349,
 author = {Boissonnat, Jean-Daniel},
 title = {Geometric Structures for Three-dimensional Shape Representation},
 journal = {ACM Trans. Graph.},
 issue_date = {Oct. 1984},
 volume = {3},
 number = {4},
 month = oct,
 year = {1984},
 issn = {0730-0301},
 pages = {266--286},
 numpages = {21},
 url = {http://doi.acm.org/10.1145/357346.357349},
 doi = {10.1145/357346.357349},
 acmid = {357349},
 publisher = {ACM},
 address = {New York, NY, USA},
} 


@misc{cgal,
  title = "\textsc{Cgal}, {C}omputational {G}eometry {A}lgorithms {L}ibrary",
  note  = "http://www.cgal.org"
}
@article{Edelsbrunner:1994,
 author = {Edelsbrunner, Herbert and M\"{u}cke, Ernst P.},
 title = {Three-dimensional Alpha Shapes},
 journal = {ACM Trans. Graph.},
 issue_date = {Jan. 1994},
 volume = {13},
 number = {1},
 month = jan,
 year = {1994},
 issn = {0730-0301},
 pages = {43--72},
 numpages = {30},
 url = {http://doi.acm.org/10.1145/174462.156635},
 doi = {10.1145/174462.156635},
 acmid = {156635},
 publisher = {ACM},
 address = {New York, NY, USA},
 keywords = {Delaunay triangulations, computational graphics, geometric algorithms, point sets, polytopes, robust implementation, scientific computing, scientific visualization, simplicial complexes, simulated perturbation, three-dimensional space},
} 
@Book{Bollobas98a,
  Title                    = {Modern Graph Theory},
  Annote                   = {SIGNATUR = 2010-10533},
  Author                   = {Bela Bollobas},
  Keywords                 = {FUNDAMENTALS mathematics},
  Publisher                = {Springer},
  Year                     = {1998},

  Aquired                  = {2010},
  Place                    = {Favoritenstrasse 9/4th Floor/1863}
}
@article{gheibi2011polygonal,
  title={Polygonal shape reconstruction in the plane},
  author={Gheibi, Amin and Davoodi, Mansoor and Javad, Ahmad and Panahi, Fatemeh and Aghdam, Mohammad M and Asgaripour, Mohammad and Mohades, Ali},
  journal={IET computer vision},
  volume={5},
  number={2},
  pages={97--106},
  year={2011},
  publisher={Institution of Engineering and Technology}
}

@article{DBLP:journals/pr/SerefZ13,
  author    = {Onur Seref and
               Christopher W. Zobel},
  title     = {Recursive voids for identifying a nonconvex boundary of
               a set of points in the plane},
  journal   = {Pattern Recognition},
  volume    = {46},
  number    = {12},
  year      = {2013},
  pages     = {3288-3299},
  ee        = {http://dx.doi.org/10.1016/j.patcog.2013.05.013},
  bibsource = {DBLP, http://dblp.uni-trier.de}
}

@phdthesis{Bu2010,
author = {Carlos Ignacio Buchart Izaguirre},
title = {Study of Parallel Techniques
Applied to Surface Reconstruction
from Unorganized and Unoriented
Point Clouds},
institution = {UNIVERSITY OF NAVARRA
SCHOOL OF ENGINEERING, DONOSTIA-SAN SEBASTIAN},
date = {13},
year={2010}
}


